<?xml version="1.0" encoding="UTF-8"?><collection xmlns="http://www.loc.gov/MARC21/slim"><record><leader>00454nam--2200133-i-4500</leader><controlfield tag="001">000024011</controlfield><controlfield tag="002">20161230</controlfield><controlfield tag="005">20161230201035</controlfield><controlfield tag="008">060222s1000------------r-----000-0-eng-d</controlfield><datafield ind1=" " ind2=" " tag="080"><subfield code="a">519.662</subfield></datafield><datafield ind1=" " ind2=" " tag="100"><subfield code="a">Schron, L. Et Houel, J</subfield></datafield><datafield ind1=" " ind2=" " tag="245"><subfield code="a">Tables de logaritmes a sept.decimale pour les nombres depuis 1 jusqu`a 108000 et pour les fonctions trigonometriques de dix en dix secondes</subfield></datafield><datafield ind1=" " ind2=" " tag="260"><subfield code="a">Paris, Gauthier-villars Et C-ie. Xv + 474 + 70p</subfield></datafield><datafield ind1=" " ind2=" " tag="852"><subfield code="a">47583</subfield></datafield></record></collection>